@Book{ggplot2,
    author = {Hadley Wickham},
    title = {ggplot2: Elegant Graphics for Data Analysis},
    publisher = {Springer-Verlag New York},
    year = {2016},
    isbn = {978-3-319-24277-4},
    url = {https://ggplot2.tidyverse.org},
  }

@misc{brunson2019package,
  title={Package ‘ggalluvial’},
  author={Brunson, Jason Cory and Read, Quentin D},
  year={2019}
}

@article{brunson2020ggalluvial,
  title={Ggalluvial: layered grammar for alluvial plots},
  author={Brunson, Jason Cory},
  journal={Journal of Open Source Software},
  volume={5},
  number={49},
  year={2020},
  publisher={NIH Public Access}
}

@Manual{ggforce,
    title = {ggforce: Accelerating 'ggplot2'},
    author = {Thomas Lin Pedersen},
    year = {2022},
    note = {R package version 0.4.1},
    url = {https://CRAN.R-project.org/package=ggforce},
  }

@Manual{ggpattern,
    title = {ggpattern: 'ggplot2' Pattern Geoms},
    author = {Mike FC and Trevor L Davis and {ggplot2 authors}},
    year = {2023},
    note = {https://github.com/coolbutuseless/ggpattern,
https://coolbutuseless.github.io/package/ggpattern/index.html},
  }
  
@Manual{directlabels,
    title = {directlabels: Direct Labels for Multicolor Plots},
    author = {Toby Dylan Hocking},
    year = {2023},
    note = {R package version 2023.8.25},
    url = {https://CRAN.R-project.org/package=directlabels},
  }
  
 @Manual{ggridges,
    title = {ggridges: Ridgeline Plots in 'ggplot2'},
    author = {Claus O. Wilke},
    year = {2023},
    note = {R package version 0.5.5},
    url = {https://CRAN.R-project.org/package=ggridges},
  }
  
@Manual{ggalt,
    title = {ggalt: Extra Coordinate Systems, 'Geoms', Statistical Transformations,
Scales and Fonts for 'ggplot2'},
    author = {Bob Rudis and Ben Bolker and Jan Schulz},
    year = {2017},
    note = {R package version 0.4.0},
    url = {https://CRAN.R-project.org/package=ggalt},
  }